<?xml version="1.0" encoding="UTF-8"?><collection xmlns="http://www.loc.gov/MARC21/slim"><record><leader>00341nam--2200133-i-4500</leader><controlfield tag="001">000020760</controlfield><controlfield tag="002">20161230</controlfield><controlfield tag="005">20161230201033</controlfield><controlfield tag="008">060222s1000------------r-----000-0-eng-d</controlfield><datafield ind1=" " ind2=" " tag="080"><subfield code="a">536.7(076)</subfield></datafield><datafield ind1=" " ind2=" " tag="100"><subfield code="a">Serova, F.G. Si Iankina, A.A</subfield></datafield><datafield ind1=" " ind2=" " tag="245"><subfield code="a">Sbornik padaci po termodinamike</subfield></datafield><datafield ind1=" " ind2=" " tag="260"><subfield code="a">Moskva, Prosvescenie, 1976. 158 P</subfield></datafield><datafield ind1=" " ind2=" " tag="852"><subfield code="a">536.7</subfield></datafield></record></collection>